-------------------------------------------------------------------------------
                            Conference Proceedings
-------------------------------------------------------------------------------

@inproceedings{findlay2020_bpfbox,
  author    = {Findlay, William and Somayaji, Anil and Barrera, David},
  title     = {{bpfbox: Simple Precise Process Confinement with eBPF}},
  year      = {2020},
  publisher = {Association for Computing Machinery},
  address   = {New York, NY, USA},
  doi       = {10.1145/3411495.3421358},
  booktitle = {Proceedings of the 2020 ACM SIGSAC Conference on Cloud Computing Security Workshop},
  pages     = {91â€“103},
  numpages  = {13},
  location  = {Virtual Event, USA},
  series    = {CCSW'20}
}

-------------------------------------------------------------------------------
                              Journal Articles
-------------------------------------------------------------------------------

-------------------------------------------------------------------------------
                      Technical Reports, Archives, Theses
-------------------------------------------------------------------------------

@thesis{findlay2020_ebph,
    title       = {{Host-Based Anomaly Detection with Extended BPF}},
    author      = {Findlay, William},
    year        = {2020},
    annotation  = {Not yet published as of December 9th, 2019},
    institution = {Carleton University},
    type        = {Honours Thesis},
    url         = {https://www.cisl.carleton.ca/~will/written/coursework/undergrad-ebpH-thesis.pdf}
}

